00588cas a22002291a 4500
001 9917739083502836
003 Nz
005 20220222120411.0
008 031223d18761878nz dr ne      0   a0eng d
035    $a (Nz)8141834
035    $a (NLNZils)1773908-ilsdb
035    $a (OCoLC)420953112
040    $a WN $c WN
042    $a nznb
043    $a u-nz---
130 0  $a Evening news (Dunedin, N.Z. : 1876)
245 00 $a Evening news.
260    $a Dunedin [N.Z.]
310    $a Daily
362 0  $a 1876 Jan.8-1878 Jan.?
651  0 $a Dunedin (N.Z.) $v Newspapers.
655  7 $a New Zealand newspapers. $2 local $5 Nz
